<?xml version="1.0" encoding="UTF-8"?><collection xmlns="http://www.loc.gov/MARC21/slim"><record><leader>00667nam--2200205-i-4500</leader><controlfield tag="001">000029206</controlfield><controlfield tag="002">20161230</controlfield><controlfield tag="005">20161230201037</controlfield><controlfield tag="008">060222s1000------------r-----000-0-eng-d</controlfield><datafield ind1=" " ind2=" " tag="020"><subfield code="a">354101292</subfield></datafield><datafield ind1=" " ind2=" " tag="040"><subfield code="a">IFIN-HH</subfield></datafield><datafield ind1=" " ind2=" " tag="080"><subfield code="a">538.913:538.958</subfield></datafield><datafield ind1="1" ind2=" " tag="100"><subfield code="a">Kubo, R</subfield></datafield><datafield ind1="1" ind2="0" tag="245"><subfield code="a">Relaxation of elementary excitations</subfield><subfield code="b">Proceedings of the taniguchi international symposium susono-shi, japan, october 12-16, 1979</subfield><subfield code="c">R. kubo, e. hanamura (eds.)</subfield></datafield><datafield ind1=" " ind2=" " tag="260"><subfield code="a">Berlin</subfield><subfield code="b">Springer-verlag</subfield><subfield code="c">1980</subfield></datafield><datafield ind1=" " ind2=" " tag="300"><subfield code="a">XII + 283P</subfield></datafield><datafield ind1=" " ind2=" " tag="490"><subfield code="a">Springer Series In Solid-state Sciences</subfield><subfield code="v">Vol. 18</subfield></datafield><datafield ind1="1" ind2=" " tag="700"><subfield code="a">Hanamura, E</subfield><subfield code="e">Ed</subfield></datafield><datafield ind1=" " ind2=" " tag="852"><subfield code="a">46526</subfield><subfield code="c">539.2</subfield></datafield><datafield ind1=" " ind2=" " tag="CAT"><subfield code="a">Sys</subfield><subfield code="c">20121029</subfield><subfield code="h">144606</subfield></datafield></record></collection>